% Encoding: UTF-8
@online{HR1,
author={火绒安全},
title = {下载站行业乱象：流氓软件和电脑病毒重灾区},
url = {https://www.huorong.cn/info/149181215360.html},
urldate = {2019-11-03}
}
@online{HR2,
author={火绒安全},
title = {激活工具带毒感染量近60万 北京等四城市用户不被攻击},
url = {https://www.huorong.cn/info/1526627586130.html},
urldate = {2019-11-03}
}
@online{HR3,
author={火绒安全},
title = {“小马激活”病毒新变种分析报告},
url = {https://www.huorong.cn/info/146173922919.html},
urldate = {2019-11-03}
}
@online{HR4,
author={火绒安全},
title = {火绒安全警报：病毒伪装成激活工具  强制安装360、2345浏览器},
url = {https://www.huorong.cn/info/1535631707148.html},
urldate = {2019-11-03}
}
@Online{HR5,
author={火绒安全},
  title   = {“小马激活”病毒日感染数万台电脑 建议百度、360屏蔽该关键词},
  url     = {https://www.huorong.cn/info/146173867117.html},
  urldate = {2019-11-03}
}
@online{iisinfo,
title = {{Home : The Official Microsoft IIS Site}},
url = {https://www.iis.net/},
urldate = {2020-03-30}
}
@online{SmartScreeninfo1,
	title = {{Windows Defender SmartScreen overview (Windows 10) - Windows security | Microsoft Docs}},
	url = {https://docs.microsoft.com/en-us/windows/security/threat-protection/windows-defender-smartscreen/windows-defender-smartscreen-overview},
	urldate = {2020-03-30}
}
@online{SmartScreeninfo2,
	title = {{SmartScreen: FAQ}},
	url = {https://support.microsoft.com/en-us/help/17443/microsoft-edge-smartscreen-faq},
	urldate = {2020-03-30}
}
@online{dotNetinfo,
	title = {{What is .NET? An open-source developer platform.}},
	url = {https://dotnet.microsoft.com/learn/dotnet/what-is-dotnet},
	urldate = {2020-03-30}
}
@online{amd64info,
	title = {{Definition of AMD64 | PCMag}},
	url = {https://www.pcmag.com/encyclopedia/term/amd64},
	urldate = {2020-03-30}
}
@online{arm64info,
	title = {{ARM, ARM64, and x86 - What's the Difference? | DroidViews}},
	url = {https://www.droidviews.com/arm-arm64-x86-difference/},
	urldate = {2020-03-30}
}
@misc{i386info,
	author = {mickliq},
	title = {{[Solved] i686, i386 ,x86 CPU what are these?}},
	url = {https://www.computing.net/answers/cpus/i686-i386-x86-cpu-what-are-these/16889.html},
	urldate = {2020-03-30}
}

@online{Why-GNULinux,
author = {Richard Stallman},
title = {GNU/Linux FAQ by Richard Stallman},
url = {https://www.gnu.org/gnu/gnu-linux-faq.html},
urldate = {2020-03-29}
}
@online{Whats-Free-Software,
author = "{Free Software Foundation}",
title = {What is free software?},
url = {https://www.gnu.org/philosophy/free-sw.html},
urldate = {2020-03-29}
}
@online{MS-Malware,
author = "{Free Software Foundation}",
title = {Microsoft's Software is Malware},
url = {http://www.gnu.org/proprietary/malware-microsoft.html},
urldate = {2020-03-09}
}
@misc{zhaoxininfo,
title = {上海兆芯集成电路有限公司},
url = {http://www.zhaoxin.com/},
urldate = {2020-03-29}
}
@misc{loonsoninfo,
title = {龙芯官方网站-[龙芯官方网站]},
url = {http://www.loongson.cn/index.html},
urldate = {2020-03-29}
}





@online{deepininfo,
  title  = {深度操作系统 V15.10——安全稳定 精细入微},
  url    = {https://www.deepin.org/2019/04/28/deepin15-10/},
urldate = {2019-11-03}
}
@online{ukinfo,
title = {优麒麟（Ubuntu Kylin）},
url = {http://www.ubuntukylin.com/about/19-cn.html}
}
@Online{gnum,
  author = {Richard Stallman},
  title  = {GNU宣言},
  year   = {1985},
  url    = {http://www.gnu.org/gnu/manifesto.zh-cn.html}
}

@Manual{manAPT,
  author = {APT-Team},
  title  = {Manual page apt},
  year   = {2015}
}

@Online{gplzhs,
  author = {阮坤良},
  title  = {GNU通用公共许可协议},
  url    = {https://jxself.org/translations/gpl-3.zh.shtml}
}



@Online{ln,
  author = {C语言中文网},
  title  = {Linux ln命令：在文件之间建立链接（硬链接和软链接）详解版},
  url    = {http://c.biancheng.net/view/740.html}
}


@manual{DebianRef,
author = {青木修},
title = {Debian参考手册},
year = {2018}
}
@manual{manaptcd,
author = {APT-Team and Jason Gunthorpe},
title = {Manual page apt-cdrom},
year = {2013}
}
@manual{manman,
author = {Watson, Colin},
title = {Manual page man},
year = {2018}
}
@manual{manmnt,
author = {Zak, Karel},
title = {Manual page mount},
year = {2015}
}
@manual{manaptget,
author = {APT-Team and Jason Gunthorpe},
title = {Manual page apt-get},
year = {2018}
}
@manual{mancs,
author = {Tomasz Kojm and Kevin Lin},
title = {Manual page clamscan},
year = {2013}
}
@manual{manaptmark,
author = {APT-Team and Mike O'Connor},
title = {Manual page apt-mark},
year = {2015}
}
@manual{manrm,
author = {Meyering, Paul Rubin and David MacKenzie and Richard M Stallman and Jim},
title = {Manual page rm},
year = {2018}
}
@manual{manls,
author = {Richard M. Stallman and  David MacKenzie},
title = {Manual page ls},
year = {2018}
}
@manual{intro1,
author = {Brouwer, Andries},
title = {Linux User's Manual 01},
year = {2002}
}
@manual{mandpkg,
author = {Jover, Guillem},
title = {Manual page dpkg},
year = {2018}
}
@manual{mancf,
author = {Tomasz Kojm and Kevin Lin},
title = {Manual page freshclam},
year = {2013}
}
@manual{mansources,
author = {APT-Team and Jason Gunthorpe},
title = {Manial page sources.list},
year = {2018}
}

@Comment{jabref-meta: databaseType:biblatex;}
